@phdthesis{decision_tree,
  TITLE = {Une approche probabiliste pour le classement d'objets incomplètemet connus dans un arbre de décision},
  AUTHOR = {Lamis Hawarah},
  YEAR = {2008},
  SCHOOL = {Université Joseph Fourier - Grenoble I}
}

@book{data_mining, 
title={Discovering knowledge in data: an introduction to data mining}, 
publisher={Wiley-Interscience}, 
author={Daniel T. Larose}, 
year={2005}
}

@book{ant_colony, 
title={Decision tree and ensemble learning based on ant colony optimization},
publisher={Springer}, 
author={Jan Kozak}, 
year={2019}
}

@misc{algo_recherche, 
title={Algorithmes de recherche},
author={P. Habermehl and D. Kesner}, 
year={2004}
}

@misc{apprentissage, 
title={Apprentissage à partir d'exemples},
author={F. Denis, R. Gilleron}, 
year={2000}
}

@inproceedings{ldt,
  author    = {Jerome H. Friedman and
               Ron Kohavi and
               Yeogirl Yun},
  title     = {Lazy Decision Trees},
  booktitle = {Proceedings of the Thirteenth National Conference on Artificial Intelligence
               and Eighth Innovative Applications of Artificial Intelligence Conference,
               {AAAI} 96, {IAAI} 96, Portland, Oregon, USA, August 4-8, 1996, Volume
               1.},
  pages     = {717--724},
  year      = {1996},
}

@article{batched_ldt,
  author    = {Mathieu Guillame{-}Bert and
               Artur Dubrawski},
  title     = {Batched Lazy Decision Trees},
  journal   = {CoRR},
  volume    = {abs/1603.02578},
  year      = {2016},
}

@inproceedings{boosting_ldt,
  author    = {Xiaoli Zhang Fern and
               Carla E. Brodley},
  title     = {Boosting Lazy Decision Trees},
  booktitle = {Machine Learning, Proceedings of the Twentieth International Conference
               {(ICML} 2003), August 21-24, 2003, Washington, DC, {USA}},
  pages     = {178--185},
  year      = {2003},
}

@inproceedings{comp_id3_c45,
  author    = {Halima Elaidi and
               Zahra Benabbou and
               Hassan Abbar},
  title     = {A comparative study of algorithms constructing decision trees: {ID3}
               and {C4.5}},
  booktitle = {Proceedings of the International Conference on Learning and Optimization
               Algorithms: Theory and Applications, {LOPAL} 2018, Rabat, Morocco,
               May 2-5, 2018.},
  pages     = {26:1--26:5},
  year      = {2018},
}

@article{induction_dt,
  author    = {J. Ross Quinlan},
  title     = {Induction of Decision Trees},
  journal   = {Machine Learning},
  volume    = {1},
  number    = {1},
  pages     = {81--106},
  year      = {1986},
}

@article{simplifying_dt,
  author    = {J. Ross Quinlan},
  title     = {Simplifying Decision Trees},
  journal   = {International Journal of Man-Machine Studies},
  volume    = {27},
  number    = {3},
  pages     = {221--234},
  year      = {1987},
}

@article{learning_dt,
  author    = {J. Ross Quinlan},
  title     = {Learning Decision Tree Classifiers},
  journal   = {{ACM} Comput. Surv.},
  volume    = {28},
  number    = {1},
  pages     = {71--72},
  year      = {1996}
}

@inproceedings{BagginBoostingC4.5,
  author    = {J. Ross Quinlan},
  title     = {Bagging, Boosting, and {C4.5}},
  booktitle = {Proceedings of the Thirteenth National Conference on Artificial Intelligence
               and Eighth Innovative Applications of Artificial Intelligence Conference,
               {AAAI} 96, {IAAI} 96, Portland, Oregon, USA, August 4-8, 1996, Volume
               1.},
  pages     = {725--730},
  year      = {1996}
}

@misc{probaBio, 
title={Qu'est ce qu'une probabilité ?},
author={Hélène Guérin}, 
year={2008}
}

@book{information_theory,
  author    = {Steven Roman},
  title     = {Introduction to coding and information theory},
  series    = {Undergraduate texts in mathematics},
  year      = {1997},
}

@inproceedings{theory_communication,
  author	= {C. E. Shannon},
  title		= {A Mathematical Theory of Communication},
  booktitle = {The Bell System Technical Journal, Vol. 27},
  pages		= {379-423, 623-656},
  year		= {1948}
}

@book{machine_learning,
  author	= {Tom M. Mitchell},
  title		= {Machine Learning, International Edition},
  series	= {McGraw-Hill Series in Computer Science},
  year		= {1997}
}

@article{pruning,
  author	= {Nikita Patel and Saurabh Upadhyay},
  title		= {Study of Various Decision Tree Pruning Methods with
their Empirical Comparison in WEKA},
  journal	= {International Journal of Computer Applications, Volume 60},
   year		= {2012}
}

@article{comparative_pruning,
  author    = {Floriana Esposito and
               Donato Malerba and
               Giovanni Semeraro},
  title     = {A Comparative Analysis of Methods for Pruning Decision Trees},
  journal   = {{IEEE} Trans. Pattern Anal. Mach. Intell.},
  volume    = {19},
  number    = {5},
  pages     = {476--491},
  year      = {1997}
}

@article{knn,
  author    = {Jorge Moraleda},
  title     = {Gregory Shakhnarovich, Trevor Darrell and Piotr Indyk: Nearest-Neighbors
               Methods in Learning and Vision. Theory and Practice},
  journal   = {Pattern Anal. Appl.},
  volume    = {11},
  number    = {2},
  pages     = {221--222},
  year      = {2008}
}

@book{cart,
  author    = {Leo Breiman and
               J. H. Friedman and
               R. A. Olshen and
               C. J. Stone},
  title     = {Classification and Regression Trees},
  publisher = {Wadsworth},
  year      = {1984},
  isbn      = {0-534-98053-8},
}

@book{c4.5,
  author    = {J. Ross Quinlan},
  title     = {{C4.5:} Programs for Machine Learning},
  publisher = {Morgan Kaufmann},
  year      = {1993},
  isbn      = {1-55860-238-0}
}

@article {mnist,
author = 	"LeCun, Y. and Bottou, L. and Bengio, Y. and Haffner, P.",
title = 	"Gradient-Based Learning Applied to Document Recognition",
journal =	"Proceedings of the IEEE",
month =         "November",
volume =        "86",
number =        "11",
pages =         "2278-2324",
year =		1998
}

@article{mnist2,
  author    = {L. Deng},
  title     = {The {MNIST} Database of Handwritten Digit Images for Machine Learning
               Research [Best of the Web]},
  journal   = {{IEEE} Signal Process. Mag.},
  volume    = {29},
  number    = {6},
  pages     = {141--142},
  year      = {2012}
}